@article{muff2016marginal,
  title={Marginal or conditional regression models for correlated non-normal data?},
  author={Muff, Stefanie and Held, Leonhard and Keller, Lukas F},
  journal={Methods in Ecology and Evolution},
  volume={7},
  number={12},
  pages={1514--1524},
  year={2016},
  publisher={Wiley Online Library}
}
