@article{schielzeth2010simple,
  title={Simple means to improve the interpretability of regression coefficients},
  author={Schielzeth, Holger},
  journal={Methods in Ecology and Evolution},
  volume={1},
  number={2},
  pages={103--113},
  year={2010},
  publisher={Wiley Online Library}
}

@article{duursma2003bias,
  title={Bias in the mean tree model as a consequence of Jensen’s inequality},
  author={Duursma, RA and Robinson, AP},
  journal={Forest Ecology and Management},
  volume={186},
  number={1-3},
  pages={373--380},
  year={2003},
  publisher={Elsevier}
}

@article{brambor2006understanding,
  title={Understanding interaction models: Improving empirical analyses},
  author={Brambor, Thomas and Clark, William Roberts and Golder, Matt},
  journal={Political analysis},
  volume={14},
  number={1},
  pages={63--82},
  year={2006},
  publisher={Cambridge University Press}
}

@article{leeper2017interpreting,
  title={Interpreting regression results using average marginal effects with R’s margins},
  author={Leeper, Thomas J},
  journal={Reference manual},
  volume={32},
  year={2017}
}

@article{lenth2018package,
  title={Package ‘lsmeans’},
  author={Lenth, Russell and Lenth, Maintainer Russell},
  journal={The American Statistician},
  volume={34},
  number={4},
  pages={216--221},
  year={2018}
}

@article{fox2009effect,
  title={Effect displays in R for multinomial and proportional-odds logit models: Extensions to the effects package},
  author={Fox, John and Hong, Jangman},
  journal={Journal of Statistical Software},
  volume={32},
  number={1},
  pages={1--24},
  year={2009}
}

@article{leeper2017package,
  title={Package ‘margins’},
  author={Leeper, Thomas J and Arnold, Jeffrey and Arel-Bundock, Vincent and Leeper, Maintainer Thomas J},
  journal={accessed December},
  volume={5},
  pages={2019},
  year={2017}
}

